@inproceedings{JGJ14,
  title={Dynamic identification of the Kuka LightWeight robot: Comparison between actual and confidential Kuka's parameters},
  author={Jubien, Anthony and Gautier, Maxime and Janot, Alexandre},
  booktitle={2014 IEEE/ASME International Conference on Advanced Intelligent Mechatronics},
  pages={483--488},
  year={2014},
  organization={IEEE}
}

@manual{KUKAmanual,
title  = {Sensitive robotics: LBR iiwa},
author = {KUKA},
year   = {2017a},
url    = {https://www.kuka.com/}
}
@manual{KUKAapresentacao,
title  = {ii feel you},
author = {KUKA},
year   = {2017b},
url    = {https://www.kuka.com/}
}

@online{KUKA3D,
title = {Modelo 3\uppercase{D KUKA LBR} iiwa},
author = {Zarvandi, Mehdi},
year   = {2020},
url    = {https://free3d.com/ko/3d-model/kuka-lbr-iiwa-6625.html},
addendum = {Acessado em: 23 set. 2020},
}

@article{FFE18,
  title={Position-based kinematics for 7-DoF serial manipulators with global configuration control, joint limit and singularity avoidance},
  author={Faria, Carlos and Ferreira, Flora and Erlhagen, Wolfram and Monteiro, S{\'e}rgio and Bicho, Estela},
  journal={Mechanism and Machine Theory},
  volume={121},
  pages={317--334},
  year={2018},
  publisher={Elsevier}
}

@inproceedings{GL17,
  title={Payload estimation based on identified coefficients of robot dynamicsâ€”With an application to collision detection},
  author={Gaz, Claudio and De Luca, Alessandro},
  booktitle={2017 IEEE/RSJ International Conference on Intelligent Robots and Systems (IROS)},
  pages={3033--3040},
  year={2017},
  organization={IEEE}
}

 

@book{siciliano2010,
  title={Robotics: modelling, planning and control},
  author={Siciliano, Bruno and Sciavicco, Lorenzo and Villani, Luigi and Oriolo, Giuseppe},
  year={2010},
  publisher={Springer Science \& Business Media}
}

@book{mihelj2018,
  title={Robotics},
  author={Mihelj, M. and Bajd, T. and Ude, A. and Lenar{\v{c}}i{\v{c}}, J. and Stanovnik, A. and Munih, M. and Rejc, J. and {\v{S}}lajpah, S.},
  isbn={9783319729114},
  year={2018},
  publisher={Springer International Publishing}
}

